@book{serter2021light,
  title={The Light and Dark Sides of Star Wars},
  author={Serhat Serter},
  year={2021},
  publisher={Cambridge Scholars Publishing},
  url={https://www.cambridgescholars.com/resources/pdfs/978-1-5275-7144-0-sample.pdf}
}

@article{forbes1999battling,
  title={Battling the Dark Side: Star Wars and Popular Understandings of Evil},
  author={Bruce David Forbes},
  journal={Word \& World},
  volume={19},
  number={4},
  year={1999},
  url={https://wordandworld.luthersem.edu/wp-content/uploads/pdfs/19-4_God_and_Evil/Battling%20the%20Dark%20Side;%20Star%20Wars%20and%20Popular%20Understandings%20of%20Evil.pdf}
}

@incollection{springer2019star,
  title={Star Wars as Philosophy: A Genealogy of the Force},
  author={George Lucas},
  booktitle={Star Wars and Philosophy},
  year={2019},
  publisher={Springer},
  url={https://link.springer.com/referenceworkentry/10.1007/978-3-319-97134-6_21-1}
}

@book{sharrock2020metamorphic,
  title={Metamorphic Readings: Transformation, Language, and Gender in the Interpretation of Ovid's Metamorphoses},
  author={Alison Sharrock and Daniel Möller and Mats Malm},
  year={2020},
  publisher={Oxford University Press},
  url={https://academic.oup.com/book/37419}
}

@article{gallagher2014metamorphosis,
  title={Metamorphosis. Transformations of the Body and the Influence of Ovid’s Metamorphoses on Germanic Literature of the Nineteenth and Twentieth Centuries},
  author={David Gallagher},
  journal={Arbitrium},
  volume={32},
  number={1},
  year={2014},
  url={https://www.degruyter.com/document/doi/10.1515/arbi-2013-0102/html?lang=en}
}

@book{gallagher2014world,
  title={The World of Ovid's Metamorphoses},
  author={David Gallagher},
  year={2014},
  publisher={Oxford University Press},
  url={https://academic.oup.com/north-carolina-scholarship-online/book/20931}
}

@article{aditi2025insights,
  title={Insights Into Day And Night: Kid Cudi's Impact And Influence},
  author={Aditi},
  journal={Fame From Aditi},
  year={2025},
  url={https://data.nationaldeafcenter.org/fame-from-aditi/insights-into-day-and-night-kid-cudis-impact-and-influence.html}
}

@article{holr2025close,
  title={A Close Up On Kid Cudi: A Unique, and Influential Kid},
  author={Angelica Babiera},
  journal={HOLR Magazine},
  year={2025},
  url={https://holrmagazine.com/why-kid-cudi-is-an-influential-rapper/}
}
